<record xmlns='http://www.loc.gov/MARC21/slim'><leader>01208cai a2200361 i 4500</leader><controlfield tag='001'>7251259</controlfield><controlfield tag='005'>20181107165618.0</controlfield><controlfield tag='006'>m     o  d        </controlfield><controlfield tag='007'>cr mn ---unn|n</controlfield><controlfield tag='008'>000207c20uu9999vra u   o     0   a2eng  </controlfield><datafield ind1='1' ind2=' ' tag='019'><subfield code='a'>58833752</subfield></datafield><datafield ind1=' ' ind2=' ' tag='035'><subfield code='a'>7251259</subfield></datafield><datafield ind1=' ' ind2=' ' tag='040'><subfield code='a'>ANL</subfield><subfield code='b'>eng</subfield><subfield code='e'>rda</subfield></datafield><datafield ind1=' ' ind2=' ' tag='042'><subfield code='a'>anuc</subfield></datafield><datafield ind1=' ' ind2=' ' tag='043'><subfield code='a'>u-at---</subfield></datafield><datafield ind1='0' ind2='0' tag='245'><subfield code='a'>Australian Indigenous Surfing Titles.</subfield></datafield><datafield ind1=' ' ind2='1' tag='264'><subfield code='a'>[Victoria] :</subfield><subfield code='b'>Surfing Victoria</subfield></datafield><datafield ind1=' ' ind2=' ' tag='300'><subfield code='a'>1 online resource</subfield></datafield><datafield ind1=' ' ind2=' ' tag='336'><subfield code='a'>text</subfield><subfield code='2'>rdacontent</subfield></datafield><datafield ind1=' ' ind2=' ' tag='337'><subfield code='a'>computer</subfield><subfield code='2'>rdamedia</subfield></datafield><datafield ind1=' ' ind2=' ' tag='338'><subfield code='a'>online resource</subfield><subfield code='2'>rdacarrier</subfield></datafield><datafield ind1=' ' ind2=' ' tag='500'><subfield code='a'>Title from title screen (viewed on 7 October 2016)</subfield></datafield><datafield ind1=' ' ind2=' ' tag='538'><subfield code='a'>Mode of access: Available Online. Address as at 10/10/2016:</subfield><subfield code='u'>http://indigenous.polarproductions.com.au/</subfield></datafield><datafield ind1=' ' ind2=' ' tag='583'><subfield code='a'>Selected for archiving</subfield><subfield code='5'>ANL</subfield></datafield><datafield ind1=' ' ind2='0' tag='650'><subfield code='a'>Surfing</subfield><subfield code='z'>Australia.</subfield></datafield><datafield ind1=' ' ind2='0' tag='650'><subfield code='a'>Surfing</subfield><subfield code='x'>Competitions</subfield><subfield code='z'>Australia.</subfield></datafield><datafield ind1=' ' ind2='0' tag='650'><subfield code='a'>Surfers</subfield><subfield code='z'>Australia.</subfield></datafield><datafield ind1=' ' ind2=' ' tag='653'><subfield code='a'>Australian</subfield></datafield><datafield ind1='2' ind2=' ' tag='710'><subfield code='a'>Surfing Victoria,</subfield><subfield code='e'>issuing body.</subfield></datafield><datafield ind1=' ' ind2='0' tag='830'><subfield code='a'>PANDORA electronic collection.</subfield></datafield><datafield ind1='8' ind2=' ' tag='852'><subfield code='b'>ELECAUS</subfield><subfield code='h'>Internet</subfield></datafield><datafield ind1='4' ind2='0' tag='856'><subfield code='z'>Publisher site</subfield><subfield code='u'>http://indigenous.polarproductions.com.au/</subfield></datafield><datafield ind1='4' ind2='1' tag='856'><subfield code='z'>Archived at ANL</subfield><subfield code='u'>http://nla.gov.au/nla.arc-160545</subfield></datafield></record>